<record><leader>00000cas a22000007a 4500</leader><controlfield tag="001">28204457</controlfield><controlfield tag="008">930603c19919999mauwr ne      0   a0eng d</controlfield><datafield ind1=" " ind2=" " tag="010"><subfield code="a">sn 93058815 </subfield></datafield><datafield ind1=" " ind2=" " tag="040"><subfield code="a">MGN</subfield><subfield code="b">eng</subfield><subfield code="c">MGN</subfield><subfield code="d">NSD</subfield><subfield code="d">OCLCQ</subfield></datafield><datafield ind1=" " ind2=" " tag="012"><subfield code="m">0</subfield></datafield><datafield ind1="1" ind2=" " tag="022"><subfield code="a">1072-6322</subfield><subfield code="l">1072-6322</subfield><subfield code="2">1</subfield></datafield><datafield ind1=" " ind2=" " tag="037"><subfield code="b">Bay State Weeklies, 30 High St., Ste. 100, Medford, MA 02155</subfield></datafield><datafield ind1=" " ind2=" " tag="042"><subfield code="a">msc</subfield><subfield code="a">nsdp</subfield></datafield><datafield ind1="0" ind2=" " tag="130"><subfield code="a">Medford citizen (Somerville, Mass.)</subfield></datafield><datafield ind1=" " ind2="0" tag="222"><subfield code="a">Medford citizen</subfield><subfield code="b">(Medford, Mass. 1992)</subfield></datafield><datafield ind1="1" ind2="0" tag="245"><subfield code="a">Medford citizen.</subfield></datafield><datafield ind1=" " ind2=" " tag="260"><subfield code="a">Somerville, MA :</subfield><subfield code="b">Bay State Newspaper Co.</subfield></datafield><datafield ind1=" " ind2=" " tag="300"><subfield code="a">v.</subfield></datafield><datafield ind1=" " ind2=" " tag="310"><subfield code="a">Weekly</subfield></datafield><datafield ind1="1" ind2=" " tag="362"><subfield code="a">Began in 1991?</subfield></datafield><datafield ind1=" " ind2=" " tag="500"><subfield code="a">Published: Medford, MA : Bay State Weeklies, &lt;Nov. 5, 1992-&gt;</subfield></datafield><datafield ind1=" " ind2=" " tag="588"><subfield code="a">Description based on: Vol. 2, no. 27 (July 2, 1992).</subfield></datafield><datafield ind1=" " ind2=" " tag="588"><subfield code="a">Latest issue consulted: Vol. 2, no. 45 (Nov. 5, 1992).</subfield></datafield><datafield ind1=" " ind2=" " tag="752"><subfield code="a">United States</subfield><subfield code="b">Massachusetts</subfield><subfield code="c">Middlesex</subfield><subfield code="d">Medford.</subfield></datafield><datafield ind1=" " ind2=" " tag="752"><subfield code="a">United States</subfield><subfield code="b">Massachusetts</subfield><subfield code="c">Middlesex</subfield><subfield code="d">Somerville.</subfield></datafield></record>